<record xmlns='http://www.loc.gov/MARC21/slim'><leader>02141ntm a2200397Ii 4500</leader><controlfield tag='001'>991058301967006011</controlfield><controlfield tag='005'>20220506115846.0</controlfield><controlfield tag='008'>220506s1363    it            000 0 eng d</controlfield><datafield ind1=' ' ind2=' ' tag='035'><subfield code='a'>(OCoLC)1314385603h</subfield></datafield><datafield ind1=' ' ind2=' ' tag='035'><subfield code='a'>(OCoLC)on1314385603h</subfield></datafield><datafield ind1=' ' ind2=' ' tag='040'><subfield code='a'>HRH</subfield><subfield code='b'>eng</subfield><subfield code='e'>dcrmmss</subfield><subfield code='c'>HRH</subfield></datafield><datafield ind1=' ' ind2=' ' tag='041'><subfield code='a'>ita</subfield><subfield code='a'>lat</subfield></datafield><datafield ind1=' ' ind2=' ' tag='049'><subfield code='a'>HRHH</subfield></datafield><datafield ind1=' ' ind2='9' tag='099'><subfield code='a'>MS 3327, Container 45</subfield></datafield><datafield ind1='0' ind2='0' tag='245'><subfield code='a'>Divina Commedia, with Latin gloss :</subfield><subfield code='k'>manuscript.</subfield></datafield><datafield ind1=' ' ind2='0' tag='264'><subfield code='a'>Italy ;</subfield><subfield code='c'>1363</subfield></datafield><datafield ind1=' ' ind2=' ' tag='300'><subfield code='a'>165 leaves :</subfield><subfield code='b'>paper,</subfield><subfield code='c'>29 x 19 cm</subfield></datafield><datafield ind1=' ' ind2=' ' tag='500'><subfield code='a'>Gothic textualis currens script, with glosses in cursive.</subfield></datafield><datafield ind1=' ' ind2=' ' tag='500'><subfield code='a'>Decoration includes red pen drawing of leaves; red and blue initials.</subfield></datafield><datafield ind1=' ' ind2=' ' tag='500'><subfield code='a'>Layout is 46 to 50 lines ruled in lead; marginal and interlinear glosses.</subfield></datafield><datafield ind1=' ' ind2=' ' tag='506'><subfield code='a'>Unrestricted, for either reading room or classroom use, but coach user: use cradle.</subfield></datafield><datafield ind1=' ' ind2=' ' tag='581'><subfield code='a'>Rivers, Claudia. Manuscript description, 1989.</subfield></datafield><datafield ind1=' ' ind2=' ' tag='581'><subfield code='a'>Kelly, Joe. Manuscript description, 1985.</subfield></datafield><datafield ind1=' ' ind2=' ' tag='581'><subfield code='a'>Hofheinz, Thomas. Manuscript description, 1988.</subfield></datafield><datafield ind1=' ' ind2=' ' tag='581'><subfield code='a'>Cottrell, Alan. Manuscript description, 1986.</subfield></datafield><datafield ind1=' ' ind2=' ' tag='590'><subfield code='a'>MS 3327, Container 45: Early owner&apos;s inscription Nicolo (fol. 2r); Sir Thomas Phillipps (1792-1872), no. 8881; acquired by the Ransom Center in 1967 (R4033) from New York bookseller, Lew David Feldman (House of El Dieff). DIDB record: 916 (1); 1673 (335); 5468 (315). Binding: Rebound (HRC 1990s) modeled on binding described in Espinoza, Robert, The Limp Vellum Binding: A Modification (The New Bookbinder, vol 13, 1993). Previous binding (18th c?) preserved as HRC 45a.</subfield></datafield><datafield ind1=' ' ind2=' ' tag='590'><subfield code='a'>A digital surrogate of Ransom Center copy MS 3327, Container 45 is available through the Digital Scriptorium.</subfield></datafield><datafield ind1=' ' ind2='7' tag='655'><subfield code='a'>Decorated initials.</subfield><subfield code='2'>aat</subfield></datafield><datafield ind1=' ' ind2='7' tag='655'><subfield code='a'>Glosses (annotations)</subfield><subfield code='2'>aat</subfield></datafield><datafield ind1=' ' ind2='7' tag='655'><subfield code='a'>Poems.</subfield><subfield code='2'>rbgenr</subfield></datafield><datafield ind1='1' ind2=' ' tag='790'><subfield code='a'>Phillipps, Thomas, Sir, 1792-1872,</subfield><subfield code='e'>former owner.</subfield></datafield><datafield ind1='1' ind2=' ' tag='790'><subfield code='a'>Feldman, Lew David,</subfield><subfield code='e'>seller.</subfield></datafield><datafield ind1='2' ind2=' ' tag='791'><subfield code='a'>Medieval and Early Modern Manuscripts Collection.</subfield></datafield><datafield ind1=' ' ind2=' ' tag='752'><subfield code='a'>Italy,</subfield><subfield code='e'>producation place.</subfield></datafield><datafield ind1='4' ind2='0' tag='856'><subfield code='u'>http://ds.lib.berkeley.edu/HRC045_37</subfield><subfield code='y'>Digital copy for MS 3327, Container 45</subfield></datafield><datafield ind1=' ' ind2=' ' tag='994'><subfield code='a'>C0</subfield><subfield code='b'>HRH</subfield></datafield></record>
